%% This BibTeX bibliography file was created using BibDesk.
%% http://bibdesk.sourceforge.net/

%% Created for Tommy Tang at 2019-12-23 15:06:02 -0500 


%% Saved with string encoding Unicode (UTF-8) 



@inproceedings{derpanis2005three,
	Author = {Derpanis, Konstantinos G and Gryn, Jacob M},
	Booktitle = {IEEE International Conference on Image Processing 2005},
	Date-Added = {2019-12-23 20:05:49 +0000},
	Date-Modified = {2019-12-23 20:05:49 +0000},
	Organization = {IEEE},
	Pages = {III--553},
	Title = {Three-dimensional nth derivative of Gaussian separable steerable filters},
	Volume = {3},
	Year = {2005}}

@article{boukerroui2004choice,
	Author = {Boukerroui, Djamal and Noble, J Alison and Brady, Michael},
	Date-Added = {2019-12-23 20:00:20 +0000},
	Date-Modified = {2019-12-23 20:00:20 +0000},
	Journal = {Journal of Mathematical Imaging and Vision},
	Number = {1-2},
	Pages = {53--80},
	Publisher = {Springer},
	Title = {On the choice of band-pass quadrature filters},
	Volume = {21},
	Year = {2004}}

@article{collar1940reciprocation,
	Author = {Collar, A. R.},
	Date-Added = {2019-12-23 19:06:37 +0000},
	Date-Modified = {2019-12-23 19:06:48 +0000},
	Doi = {10.1017/S0370164600012281},
	Journal = {Proceedings of the Royal Society of Edinburgh},
	Pages = {195--206},
	Publisher = {Royal Society of Edinburgh Scotland Foundation},
	Title = {XIX.---On the Reciprocation of Certain Matrices},
	Volume = {59},
	Year = {1940},
	Bdsk-Url-1 = {http://dx.doi.org/10.1017/S0370164600012281}}

@article{smith1959inversion,
	Author = {Richard B. Smith},
	Date-Added = {2019-12-23 18:55:51 +0000},
	Date-Modified = {2019-12-23 19:01:04 +0000},
	Issn = {08916837},
	Journal = {Mathematical Tables and Other Aids to Computation},
	Number = {65},
	Pages = {41--43},
	Publisher = {American Mathematical Society},
	Title = {Two Theorems on Inverses of Finite Segments of the Generalized Hilbert Matrix},
	Url = {http://www.jstor.org/stable/2002194},
	Volume = {13},
	Year = {1959},
	Bdsk-Url-1 = {http://www.jstor.org/stable/2002194}}
